%%%%%%%%%%%%%%%%%%%%%%%%%%%%%%%%%%%%%%%
%%%%Introduction     %%%%%%%%%%%%%%%%%%
%%%%%%%%%%%%%%%%%%%%%%%%%%%%%%%%%%%%%%

@inproceedings{wenzel2021vision,
  title={Vision-based mobile robotics obstacle avoidance with deep reinforcement learning},
  author={Wenzel, Patrick and Sch{\"o}n, Torsten and Leal-Taix{\'e}, Laura and Cremers, Daniel},
  booktitle={2021 IEEE International Conference on Robotics and Automation (ICRA)},
  pages={14360--14366},
  year={2021},
  organization={IEEE}
}
@article{balasubramaniam2201object,
  title={Object Detection in Autonomous Vehicles: Status and Open Challenges. arXiv 2022},
  author={Balasubramaniam, A and Pasricha, S},
  journal={arXiv preprint arXiv:2201.07706}
}

@article{wang2021real,
  title={A real-time object detector for autonomous vehicles based on YOLOv4},
  author={Wang, Rui and Wang, Ziyue and Xu, Zhengwei and Wang, Chi and Li, Qiang and Zhang, Yuxin and Li, Hua and others},
  journal={Computational Intelligence and Neuroscience},
  volume={2021},
  year={2021},
  publisher={Hindawi}
}


%%%%%%%%%%%%%%%%%%%%%%%%%%%%%%%%%%%%%%%
%%%%Introduction     %%%%%%%%%%%%%%%%%%
%%%%%%%%%%%%%%%%%%%%%%%%%%%%%%%%%%%%%%
%%%%%%%%%%%%%%%%%%%%%%%%%%%%%%%%%%%%%%%%%


%%%%%%%%General Theory %%%%%%%%%%%%%%%%%%
%%%%%%%%%%%%%%%%%%%%%%%%%%%%%%%%%%%%%%%%%

%deep Learning
@book{ansari2020building,
  title={Building Computer Vision Applications Using Artificial Neural Networks},
  author={Ansari, Shamshad},
  year={2020},
  publisher={Springer}
}
@inproceedings{Arnold2011AnIT,
  title={An Introduction to Deep Learning},
  author={Ludovic Arnold and S{\'e}bastien Rebecchi and Sylvain Chevallier and H{\'e}l{\`e}ne Paugam-Moisy},
  booktitle={The European Symposium on Artificial Neural Networks},
  year={2011},
  url={https://api.semanticscholar.org/CorpusID:52860197}
}
@ARTICLE{2015Natur.521..436L,
       author = {{LeCun}, Yann and {Bengio}, Yoshua and {Hinton}, Geoffrey},
        title = "{Deep learning}",
      journal = {\nat},
         year = 2015,
        month = may,
       volume = {521},
       number = {7553},
        pages = {436-444},
          doi = {10.1038/nature14539},
       adsurl = {https://ui.adsabs.harvard.edu/abs/2015Natur.521..436L},
      adsnote = {Provided by the SAO/NASA Astrophysics Data System}
}

@unpublished{koons2005,
    author = {Nilesh Barla},
    title  = {What Is Deep Learning? A Guide to Deep Learning Use Cases, Applications, and Benefits},
    note   = {DostÄ™p zdalny (FEBRUARY 14, 2023):
    \url{https://clear.ml/blog/what-is-deep-learning}},
    year   = {2023}
}

@inproceedings{shinde2018review,
  title={A review of machine learning and deep learning applications},
  author={Shinde, Pramila P and Shah, Seema},
  booktitle={2018 Fourth international conference on computing communication control and automation (ICCUBEA)},
  pages={1--6},
  year={2018},
  organization={IEEE}
}


%%%%%%%%%% Neural Network %%%%%%%%%%%%%%%%%%%
@article{abiodun2018state,
  title={State-of-the-art in artificial neural network applications: A survey},
  author={Abiodun, Oludare Isaac and Jantan, Aman and Omolara, Abiodun Esther and Dada, Kemi Victoria and Mohamed, Nachaat AbdElatif and Arshad, Humaira},
  journal={Heliyon},
  volume={4},
  number={11},
  year={2018},
  publisher={Elsevier}
}
@article{islam2019overview,
  title={An overview of neural network},
  author={Islam, Mohaiminul and Chen, Guorong and Jin, Shangzhu},
  journal={American Journal of Neural Networks and Applications},
  volume={5},
  number={1},
  pages={7--11},
  year={2019},
  publisher={Science Publishing Group}
}
@book{nielsen2015neural,
  title={Neural networks and deep learning},
  author={Nielsen, Michael A},
  volume={25},
  year={2015},
  publisher={Determination press San Francisco, CA, USA}
}
@book{ansari2020building,
  title={Building Computer Vision Applications Using Artificial Neural Networks},
  author={Ansari, Shamshad},
  year={2020},
  publisher={Springer}
}

@misc{wilhelm2016digital,
  title={Digital Image Processing: An Algorithmic Introduction Using Java},
  author={Wilhelm, Burger and Mark, J Burge},
  year={2016},
  publisher={Spinger}
}
@book{tyagi2018understanding,
  title={Understanding digital image processing},
  author={Tyagi, Vipin},
  year={2018},
  publisher={CRC Press}
}
@inproceedings{knerr1990single,
  title={Single-layer learning revisited: a stepwise procedure for building and training a neural network},
  author={Knerr, Stefan and Personnaz, L{\'e}on and Dreyfus, G{\'e}rard},
  booktitle={Neurocomputing: algorithms, architectures and applications},
  pages={41--50},
  year={1990},
  organization={Springer}
}


@article{vargas2017deep,
  title={Deep learning: a review},
  author={Vargas, Rocio and Mosavi, Amir and Ruiz, Ramon},
  year={2017}
}
@article{choi2020introduction,
  title={Introduction to machine learning, neural networks, and deep learning},
  author={Choi, Rene Y and Coyner, Aaron S and Kalpathy-Cramer, Jayashree and Chiang, Michael F and Campbell, J Peter},
  journal={Translational vision science \& technology},
  volume={9},
  number={2},
  pages={14--14},
  year={2020},
  publisher={The Association for Research in Vision and Ophthalmology}
}
@article{hosseini2020deep,
  title={Deep learning architectures},
  author={Hosseini, Mohammad-Parsa and Lu, Senbao and Kamaraj, Kavin and Slowikowski, Alexander and Venkatesh, Haygreev C},
  journal={Deep learning: concepts and architectures},
  pages={1--24},
  year={2020},
  publisher={Springer}
}

@book{calin2020deep,
  title={Deep learning architectures},
  author={Calin, Ovidiu},
  year={2020},
  publisher={Springer}
}

@inproceedings{coates2011analysis,
  title={An analysis of single-layer networks in unsupervised feature learning},
  author={Coates, Adam and Ng, Andrew and Lee, Honglak},
  booktitle={Proceedings of the fourteenth international conference on artificial intelligence and statistics},
  pages={215--223},
  year={2011},
  organization={JMLR Workshop and Conference Proceedings}
}
@incollection{hecht1992theory,
  title={Theory of the backpropagation neural network},
  author={Hecht-Nielsen, Robert},
  booktitle={Neural networks for perception},
  pages={65--93},
  year={1992},
  publisher={Elsevier}
}
@article{sharma2017activation,
  title={Activation functions in neural networks},
  author={Sharma, Sagar and Sharma, Simone and Athaiya, Anidhya},
  journal={Towards Data Sci},
  volume={6},
  number={12},
  pages={310--316},
  year={2017}
}
@article{apicella2021survey,
  title={A survey on modern trainable activation functions},
  author={Apicella, Andrea and Donnarumma, Francesco and Isgr{\`o}, Francesco and Prevete, Roberto},
  journal={Neural Networks},
  volume={138},
  pages={14--32},
  year={2021},
  publisher={Elsevier}
}

@article{heaton2018ian,
  title={Ian Goodfellow, Yoshua Bengio, and Aaron Courville: Deep learning: The MIT Press, 2016, 800 pp, ISBN: 0262035618},
  author={Heaton, Jeff},
  journal={Genetic programming and evolvable machines},
  volume={19},
  number={1-2},
  pages={305--307},
  year={2018},
  publisher={Springer}
}

@book{goodfellow2016deep,
  title={Deep learning},
  author={Goodfellow, Ian and Bengio, Yoshua and Courville, Aaron},
  year={2016},
  publisher={MIT press}
}
@article{schmidhuber2015deep,
  title={Deep learning in neural networks: An overview},
  author={Schmidhuber, J{\"u}rgen},
  journal={Neural networks},
  volume={61},
  pages={85--117},
  year={2015},
  publisher={Elsevier}
}
@article{choi2019empirical,
  title={On empirical comparisons of optimizers for deep learning},
  author={Choi, Dami and Shallue, Christopher J and Nado, Zachary and Lee, Jaehoon and Maddison, Chris J and Dahl, George E},
  journal={arXiv preprint arXiv:1910.05446},
  year={2019}
}
@article{bishop2006pattern,
  title={Pattern recognition and machine learning},
  author={Bishop, C},
  journal={Springer google schola},
  volume={2},
  pages={531--537},
  year={2006},
  publisher={Springer}
}
@article{shorten2019survey,
  title={A survey on image data augmentation for deep learning},
  author={Shorten, Connor and Khoshgoftaar, Taghi M},
  journal={Journal of big data},
  volume={6},
  number={1},
  pages={1--48},
  year={2019},
  publisher={SpringerOpen}
}

@article{kukavcka2017regularization,
  title={Regularization for deep learning: A taxonomy},
  author={Kuka{\v{c}}ka, Jan and Golkov, Vladimir and Cremers, Daniel},
  journal={arXiv preprint arXiv:1710.10686},
  year={2017}
}

@article{madhavan2017deep,
  title={Deep learning architectures},
  author={Madhavan, Samaya and Jones, M Tim},
  journal={IBM Developer},
  year={2017}
}

@article{alzubaidi2021review,
  title={Review of deep learning: Concepts, CNN architectures, challenges, applications, future directions},
  author={Alzubaidi, Laith and Zhang, Jinglan and Humaidi, Amjad J and Al-Dujaili, Ayad and Duan, Ye and Al-Shamma, Omran and Santamar{\'\i}a, Jos{\'e} and Fadhel, Mohammed A and Al-Amidie, Muthana and Farhan, Laith},
  journal={Journal of big Data},
  volume={8},
  pages={1--74},
  year={2021},
  publisher={Springer}
}
@article{sherstinsky2020fundamentals,
  title={Fundamentals of recurrent neural network (RNN) and long short-term memory (LSTM) network},
  author={Sherstinsky, Alex},
  journal={Physica D: Nonlinear Phenomena},
  volume={404},
  pages={132306},
  year={2020},
  publisher={Elsevier}
}
@article{deng2014tutorial,
  title={A tutorial survey of architectures, algorithms, and applications for deep learning},
  author={Deng, Li},
  journal={APSIPA transactions on Signal and Information Processing},
  volume={3},
  pages={e2},
  year={2014},
  publisher={Cambridge University Press}
}
@article{sohn2021deep,
  title={Deep belief network based intrusion detection techniques: A survey},
  author={Sohn, Insoo},
  journal={Expert Systems with Applications},
  volume={167},
  pages={114170},
  year={2021},
  publisher={Elsevier}
}
@article{zhao2019object,
  title={Object detection with deep learning: A review},
  author={Zhao, Zhong-Qiu and Zheng, Peng and Xu, Shou-tao and Wu, Xindong},
  journal={IEEE transactions on neural networks and learning systems},
  volume={30},
  number={11},
  pages={3212--3232},
  year={2019},
  publisher={IEEE}
}
@article{pathak2018application,
  title={Application of deep learning for object detection},
  author={Pathak, Ajeet Ram and Pandey, Manjusha and Rautaray, Siddharth},
  journal={Procedia computer science},
  volume={132},
  pages={1706--1717},
  year={2018},
  publisher={Elsevier}
}
@article{oneStage,
  title={Object Detection using YOLO And Mobilenet SSD},
  author={Sabina N, Aneesa M. P, Haseena P.},
  journal={ENGINEERING RESEARCH & TECHNOLOGY (IJERT)},
  volume={11},
  year={2022},
  publisher={IJERT}
}
@inproceedings{du2020overview,
  title={Overview of two-stage object detection algorithms},
  author={Du, Lixuan and Zhang, Rongyu and Wang, Xiaotian},
  booktitle={Journal of Physics: Conference Series},
  volume={1544},
  number={1},
  pages={012033},
  year={2020},
  organization={IOP Publishing}
}
@inproceedings{girshick2014rich,
  title={Rich feature hierarchies for accurate object detection and semantic segmentation},
  author={Girshick, Ross and Donahue, Jeff and Darrell, Trevor and Malik, Jitendra},
  booktitle={Proceedings of the IEEE conference on computer vision and pattern recognition},
  pages={580--587},
  year={2014}
}
@inproceedings{girshick2015fast,
  title={Fast r-cnn},
  author={Girshick, Ross},
  booktitle={Proceedings of the IEEE international conference on computer vision},
  pages={1440--1448},
  year={2015}
}
@inproceedings{salvador2016faster,
  title={Faster r-cnn features for instance search},
  author={Salvador, Amaia and Gir{\'o}-i-Nieto, Xavier and Marqu{\'e}s, Ferran and Satoh, Shin'ichi},
  booktitle={Proceedings of the IEEE conference on computer vision and pattern recognition workshops},
  pages={9--16},
  year={2016}
}
@inproceedings{he2017mask,
  title={Mask r-cnn},
  author={He, Kaiming and Gkioxari, Georgia and Doll{\'a}r, Piotr and Girshick, Ross},
  booktitle={Proceedings of the IEEE international conference on computer vision},
  pages={2961--2969},
  year={2017}
}
% Å¹rÃ³dÅ‚o innego typu, np. repozytorium na GitHubie.
@misc{bfortuner_mlglossary,
    author       = {Brendan Fortuner},
    title        = {Machine Learning Glossary},
    howpublished = {DostÄ™p zdalny (14.03.2019): \url{https://github.com/bfortuner/ml-glossary}},
    year         = {2019}
}
@inproceedings{liu2016ssd,
  title={Ssd: Single shot multibox detector},
  author={Liu, Wei and Anguelov, Dragomir and Erhan, Dumitru and Szegedy, Christian and Reed, Scott and Fu, Cheng-Yang and Berg, Alexander C},
  booktitle={Computer Vision--ECCV 2016: 14th European Conference, Amsterdam, The Netherlands, October 11--14, 2016, Proceedings, Part I 14},
  pages={21--37},
  year={2016},
  organization={Springer}
}
@inproceedings{padilla2020survey,
  title={A survey on performance metrics for object-detection algorithms},
  author={Padilla, Rafael and Netto, Sergio L and Da Silva, Eduardo AB},
  booktitle={2020 international conference on systems, signals and image processing (IWSSIP)},
  pages={237--242},
  year={2020},
  organization={IEEE}
}
@inproceedings{redmon2016you,
  title={You only look once: Unified, real-time object detection},
  author={Redmon, Joseph and Divvala, Santosh and Girshick, Ross and Farhadi, Ali},
  booktitle={Proceedings of the IEEE conference on computer vision and pattern recognition},
  pages={779--788},
  year={2016}
}
@inproceedings{you2021logme,
  title={Logme: Practical assessment of pre-trained models for transfer learning},
  author={You, Kaichao and Liu, Yong and Wang, Jianmin and Long, Mingsheng},
  booktitle={International Conference on Machine Learning},
  pages={12133--12143},
  year={2021},
  organization={PMLR}
}
@article{li2019analysis,
  title={An analysis of pre-training on object detection},
  author={Li, Hengduo and Singh, Bharat and Najibi, Mahyar and Wu, Zuxuan and Davis, Larry S},
  journal={arXiv preprint arXiv:1904.05871},
  year={2019}
}
@article{terven2023comprehensive,
  title={A Comprehensive Review of YOLO Architectures in Computer Vision: From YOLOv1 to YOLOv8 and YOLO-NAS},
  author={Terven, Juan and C{\'o}rdova-Esparza, Diana-Margarita and Romero-Gonz{\'a}lez, Julio-Alejandro},
  journal={Machine Learning and Knowledge Extraction},
  volume={5},
  number={4},
  pages={1680--1716},
  year={2023},
  publisher={MDPI}
}
@article{sang2018improved,
  title={An improved YOLOv2 for vehicle detection},
  author={Sang, Jun and Wu, Zhongyuan and Guo, Pei and Hu, Haibo and Xiang, Hong and Zhang, Qian and Cai, Bin},
  journal={Sensors},
  volume={18},
  number={12},
  pages={4272},
  year={2018},
  publisher={MDPI}
}@article{redmon2018yolov3,
  title={Yolov3: An incremental improvement},
  author={Redmon, Joseph and Farhadi, Ali},
  journal={arXiv preprint arXiv:1804.02767},
  year={2018}
}
@article{gai2023detection,
  title={A detection algorithm for cherry fruits based on the improved YOLO-v4 model},
  author={Gai, Rongli and Chen, Na and Yuan, Hai},
  journal={Neural Computing and Applications},
  volume={35},
  number={19},
  pages={13895--13906},
  year={2023},
  publisher={Springer}
}
@inproceedings{wu2021real,
  title={Real-time vehicle and distance detection based on improved yolo v5 network},
  author={Wu, Tian-Hao and Wang, Tong-Wen and Liu, Ya-Qi},
  booktitle={2021 3rd World Symposium on Artificial Intelligence (WSAI)},
  pages={24--28},
  year={2021},
  organization={IEEE}
}
@article{ge2021yolox,
  title={Yolox: Exceeding yolo series in 2021},
  author={Ge, Zheng and Liu, Songtao and Wang, Feng and Li, Zeming and Sun, Jian},
  journal={arXiv preprint arXiv:2107.08430},
  year={2021}
}
@article{huang2021pp,
  title={PP-YOLOv2: A practical object detector},
  author={Huang, Xin and Wang, Xinxin and Lv, Wenyu and Bai, Xiaying and Long, Xiang and Deng, Kaipeng and Dang, Qingqing and Han, Shumin and Liu, Qiwen and Hu, Xiaoguang and others},
  journal={arXiv preprint arXiv:2104.10419},
  year={2021}
}
@inproceedings{wang2021scaled,
  title={Scaled-yolov4: Scaling cross stage partial network},
  author={Wang, Chien-Yao and Bochkovskiy, Alexey and Liao, Hong-Yuan Mark},
  booktitle={Proceedings of the IEEE/cvf conference on computer vision and pattern recognition},
  pages={13029--13038},
  year={2021}
}
@article{long2020pp,
  title={PP-YOLO: An effective and efficient implementation of object detector},
  author={Long, Xiang and Deng, Kaipeng and Wang, Guanzhong and Zhang, Yang and Dang, Qingqing and Gao, Yuan and Shen, Hui and Ren, Jianguo and Han, Shumin and Ding, Errui and others},
  journal={arXiv preprint arXiv:2007.12099},
  year={2020}
}
@article{xu2022pp,
  title={PP-YOLOE: An evolved version of YOLO},
  author={Xu, Shangliang and Wang, Xinxin and Lv, Wenyu and Chang, Qinyao and Cui, Cheng and Deng, Kaipeng and Wang, Guanzhong and Dang, Qingqing and Wei, Shengyu and Du, Yuning and others},
  journal={arXiv preprint arXiv:2203.16250},
  year={2022}
}
@article{li2022yolov6,
  title={YOLOv6: A single-stage object detection framework for industrial applications},
  author={Li, Chuyi and Li, Lulu and Jiang, Hongliang and Weng, Kaiheng and Geng, Yifei and Li, Liang and Ke, Zaidan and Li, Qingyuan and Cheng, Meng and Nie, Weiqiang and others},
  journal={arXiv preprint arXiv:2209.02976},
  year={2022}
}
@inproceedings{wang2023yolov7,
  title={YOLOv7: Trainable bag-of-freebies sets new state-of-the-art for real-time object detectors},
  author={Wang, Chien-Yao and Bochkovskiy, Alexey and Liao, Hong-Yuan Mark},
  booktitle={Proceedings of the IEEE/CVF Conference on Computer Vision and Pattern Recognition},
  pages={7464--7475},
  year={2023}
}
@article{xu2022damo,
  title={Damo-yolo: A report on real-time object detection design},
  author={Xu, Xianzhe and Jiang, Yiqi and Chen, Weihua and Huang, Yilun and Zhang, Yuan and Sun, Xiuyu},
  journal={arXiv preprint arXiv:2211.15444},
  year={2022}
}
% Nieopublikowany artykuÅ‚, dostÄ™pny np. tylko w internecie.
@unpublished{yolov8,
    author = {Jacob Solawetz, Francesco},
    title  = {What is YOLOv8? The Ultimate Guide.},
    note   = {Remote access (JAN 11, 2023
    ): \url{https://blog.roboflow.com/whats-new-in-yolov8/#what-is-yolov8}},
    year   = {2023}
}

% Nieopublikowany artykuÅ‚, dostÄ™pny np. tylko w internecie.
@unpublished{YOLO-NAS,
    author = {By Deci Research Team},
    title  = {YOLO-NAS by Deci Achieves SOTA Performance on Object Detection Using Neural Architecture Search},
    note   = {Remote access (May 3, 2023
    ): \url{https://deci.ai/blog/yolo-nas-object-detection-foundation-model/}},
    year   = {2023}
}
@unpublished{richmond_yolo-nas,
    author = {Richmond Alake},
    title  = {YOLO-NAS Uncovered: Essential Insights and Implementation Techniques for Machine Learning Engineers},
    note   = {Remote access (Jun 12, 2023
    ): \url{https://richmondalake.medium.com/yolo-nas-uncovered-essential-insights-and-implementation-techniques-for-machine-learning-engineers-87ee266b37f6}},
    year   = {2023}
}

@unpublished{yolo-nas-vs-yolov8,
    author = {By Deci Algorithms Team},
    title  = {YOLOv8 vs. YOLO-NAS Showdown: Exploring Advanced Object Detection },
    note   = {Remote access (December 4, 2023
    ): \url{https://deci.ai/blog/yolov8-vs-yolo-nas-showdown-exploring-advanced-object}},
    year   = {2023}
}
@unpublished{yolo-nas-v8-sota,
    author = {By Deci Algorithms Team},
    title  = {An Overview of State of the Art (SOTA) DNNs},
    note   = {Remote access (October 18, 2023
    ): \url{https://deci.ai/blog/sota-dnns-overview/}},
    year   = {2023}
}
@unpublished{yolo-nas-webinar,
    author = {By Deci Research Team},
    title  = {Webinar: The Making of YOLO-NAS, a Foundation Model, with NAS},
    note   = {Remote access (July 27, 2023
    ): \url{https://deci.ai/resources/webinar-making-yolo-nas-neural-architecture-search/}},
    year   = {2023}
}
@unpublished{metrics,
    author = { glenn.jocher@ultralytics.com (3), abirami-vina (1)},
    title  = {Performance Metrics Deep Dive},
    note   = {Remote access (18.11.2023): \url{https://docs.ultralytics.com/guides/yolo-performance-metrics/}},
    year   = {2023}
}



%%%%%%%%%%%%%%%%%%%%%%%%%%%%%%%%%%%%%%%%%
%%%%%%%%General Theory %%%%%%%%%%%%%%%%%%
%%%%%%%%%%%%%%%%%%%%%%%%%%%%%%%%%%%%%%%%%


%%%%%%%%%%%%%%%%%%%%%%%%%%%%%%%%%%%%%%%%%
%%%%%%%%%%%%%% DataSet %%%%%%%%%%%%%%%%%%
%%%%%%%%%%%%%%%%%%%%%%%%%%%%%%%%%%%%%%%%%

@misc{ p4p-cars_dataset,
    title = { p4p Cars Dataset },
    type = { Open Source Dataset },
    author = { p4p 2023 },
    howpublished = { \url{ https://universe.roboflow.com/p4p-2023/p4p-cars } },
    url = { https://universe.roboflow.com/p4p-2023/p4p-cars },
    journal = { Roboflow Universe },
    publisher = { Roboflow },
    year = { 2023 },
    month = { aug },
    note = { visited on 2024-01-24 },
}


%%%%%%%%%%%%%%%%%%%%%%%%%%%%%%%%%%%%%%%%%
%%%%%%%%%%%%%% DataSet %%%%%%%%%%%%%%%%%%
%%%%%%%%%%%%%%%%%%%%%%%%%%%%%%%%%%%%%%%%%




% ArtykuÅ‚ w recenzowanym czasopiÅ›mie.
@article{szczypiorski2015,
    author    = {Szczypiorski, K. and Janicki, A. and Wendzel, S},
    title     = {{T}he {G}ood, {T}he {B}ad {A}nd {T}he {U}gly: {E}valuation of {W}i-{F}i {S}teganography},
    journal   = {Journal of Communications},
    volume    = {10},
    number    = {10},
    pages     = {747--752},
    publisher = {Journal of Communications (JCM)},
    year      = {2015}
}

% KsiÄ…Å¼ka.
@book{goossens93,
    author    = {Michel Goossens and Frank Mittelbach and Alexander Samarin},
    title     = {The LaTeX Companion},
    publisher = {Addison-Wesley},
    address   = {Reading, Massachusetts},
    year      = {1993}
}

% Fragment ksiÄ…Å¼ki (np. zakres stron).
@inbook{wang97,
    author    = {Hao Wang},
    title     = {A Logical Journey: From G{\"o}del to Philosophy.},
    publisher = {A Bradford Book},
    pages     = {316},
    year      = {1997}
}

% Fragment ksiÄ…Å¼ki (np. esej), posiadajÄ…cy wÅ‚asny tytuÅ‚.
@incollection{goedel95,
    author    = {Kurt G{\"o}del},
    title     = {Texts relating to the ontological proof},
    booktitle = {Unpublished Essays and Lectures},
    publisher = {Oxford University Press},
    pages     = {429--437},
    year      = {1995}
}

% Publikacja konferencyjna.
@inproceedings{benzmuller2014,
    author       = {{Ch}. Benzmuller and B. W. Paleo},
    title        = {Automating {G\"o}delâ€™s {O}ntological {P}roof of {G}odâ€™s {E}xistence with {H}igher-order {A}utomated {T}heorem {P}rovers},
    booktitle    = {European	Conference on Artificial Intelligence},
    publisher    = {IOS Press},
    howpublished = {DostÄ™p zdalny (10.04.2019): \url{http://page.mi.fu-berlin.de/cbenzmueller/papers/C40.pdf}},
    year         = {2014}
}

% Raport techniczny.
@techreport{duqu2011,
    author      = {BencsÃ¡th, B. and PÃ©k, G. and ButtyÃ¡n, L. and FÃ©legyhÃ¡zi M.},
    title       = {{D}uqu: {A} {S}tuxnet-like malware found in the wild},
    institution = {Laboratory of Cryptography and System Security, Hungary},
    year        = {2011}
}

% Specyfikacja techniczna.
@manual{shs2015,
    title        = {{FIPS} 180-4: {S}ecure {H}ash {S}tandard ({SHS})},
    howpublished = {DostÄ™p zdalny (13.03.2019): \url{https://nvlpubs.nist.gov/nistpubs/FIPS/NIST.FIPS.180-4.pdf}},
    year         = {2015}
}

% Praca magisterska.
@mastersthesis{wozniak2018,
    author = {WoÅºniak, Piotr},
    title  = {{P}rogramowanie kwadratowe w usuwaniu efektu rozmycia ruchu w fotografii cyfrowej},
    school = {WydziaÅ‚ Elektroniki i Technik Informacyjnych, Politechnika Warszawska},
    year   = {2018}
}

% Nieopublikowany artykuÅ‚, dostÄ™pny np. tylko w internecie.
@unpublished{koons2005,
    author = {Koons, Robert C.},
    title  = {{S}obel on {G\"o}delâ€™s {O}ntological {P}roof},
    note   = {DostÄ™p zdalny (25.04.2019): \url{http://www.robkoons.net/media/69b0dd04a9d2fc6dffff80b4ffffd524.pdf}},
    year   = {2005}
}

% Å¹rÃ³dÅ‚o innego typu, np. repozytorium na GitHubie.
@misc{dcp19,
    author       = {Brodzki, Artur M.},
    title        = {{I}mplementation of own steganography protocol {DCP}-19, loosely based on {HICCUPS}},
    howpublished = {DostÄ™p zdalny (14.03.2019): \url{https://github.com/ArturB/DCP-19}},
    year         = {2019}
}
